@book{carslaw1959,
	author    = {Carslaw, H. S. and Jaeger, J. C.},
	title     = {Conduction of Heat in Solids},
	edition   = {2},
	location  = {Oxford},
	publisher = {Clarendon Press},
	year      = {1959}
}

@book{arpaci1966,
	author    = {Arpaci, V. S.},
	title     = {Conduction Heat Transfer},
	location  = {Reading},
	publisher = {Addison-Wesley},
	year      = {1966}
}

@book{ozisik1993,
	author    = {{\"O}zi{\c{s}}ik, M. N.},
	title     = {Heat Conduction},
	location  = {Nova Iorque, NY},
	publisher = {Wiley},
	year      = {1993},
	series    = {Wiley-Interscience},
	isbn      = {978-0-471-53256-9},
	lccn      = {lc92026905}
}

@book{beck1985,
	author    = {Beck, J. V. and Blackwell, B. and Clair, C. R. S.},
	title     = {Inverse Heat Conduction: Ill-Posed Problems},
	location  = {[S.l.]},
	publisher = {John Wiley \& Sons},
	year      = {1985},
	series    = {Wiley-Interscience},
	isbn      = {978-0-471-08319-1},
	lccn      = {85005391}
}

@book{beck2010,
	author    = {Cole, K. D. and Beck, J. V. and Haji-Sheikh, A. and Litkouhi, B.},
	title     = {Heat Conduction Using Green's Functions},
	location  = {[S.l.]},
	publisher = {Taylor \& Francis Group},
	year      = {2010},
	series    = {Series in Computational and Physical Processes in Mechanics and Thermal Sciences},
	isbn      = {978-1-4398-1354-6},
	lccn      = {2010000316}
}
